@article{ho2017,
  title={Label Transfer from APOGEE to LAMOST: Precise Stellar Parameters for 450,000 LAMOST Giants},
  author={Ho, Anna YQ and Ness, Melissa K and Hogg, David W and Rix, Hans-Walter and Liu, Chao and Yang, Fan and Zhang, Yong and Hou, Yonghui and Wang, Yuefei},
  journal={The Astrophysical Journal},
  volume={836},
  number={1},
  pages={5},
  year={2017},
  publisher={IOP Publishing}
}